@article{nallapati2016abstractive,
  title={Abstractive text summarization using sequence-to-sequence rnns and beyond},
  author={Nallapati, Ramesh and Zhou, Bowen and Gulcehre, Caglar and Xiang, Bing and others},
  journal={arXiv preprint arXiv:1602.06023},
  year={2016}
}

@article{lin2004rouge,
  title={Rouge: A package for automatic evaluation of summaries},
  author={Lin, Chin-Yew},
  journal={Text Summarization Branches Out},
  year={2004}
}

@article{gambhir2017recent,
  title={Recent automatic text summarization techniques: a survey},
  author={Gambhir, Mahak and Gupta, Vishal},
  journal={Artificial Intelligence Review},
  year={2017},
  publisher={Springer}
}