@article{sutskever2014sequence,
  title={Sequence to sequence learning with neural networks},
  author={Sutskever, Ilya and Vinyals, Oriol and Le, Quoc V},
  journal={NIPS},
  year={2014}
}

@article{cao2018retrieve,
  title={Retrieve, rerank and rewrite: Soft template based neural summarization},
  author={Cao, Ziqiang and Li, Wenjie and Li, Sujian and Wei, Furu},
  journal={ACL},
  year={2018}
}

@article{lin2004rouge,
  title={Rouge: A package for automatic evaluation of summaries},
  author={Lin, Chin-Yew},
  journal={ACL},
  year={2004}
}

@article{cohan2016revisiting,
  title={Revisiting Summarization Evaluation for Scientific Articles},
  author={Cohan, Arman and Goharian, Nazli},
  journal={LREC},
  year={2016}
}

@article{cho2014learning,
  title={Learning phrase representations using RNN encoder-decoder for statistical machine translation},
  author={Cho, Kyunghyun and Van Merri{\"e}nboer, Bart and Gulcehre, Caglar and Bahdanau, Dzmitry and Bougares, Fethi and Schwenk, Holger and Bengio, Yoshua},
  journal={EMNLP},
  year={2014}
}

@misc{wilson1949human,
  title={Human behavior and the principle of least effort},
  author={Wilson, Logan},
  year={1949},
  publisher={JSTOR}
}

@article{grave2016efficient,
  title={Efficient softmax approximation for GPUs},
  author={Grave, Edouard and Joulin, Armand and Ciss{\'e}, Moustapha and Grangier, David and J{\'e}gou, Herv{\'e}},
  journal={ICML},
  year={2016}
}

@article{bahdanau2014neural,
  title={Neural machine translation by jointly learning to align and translate},
  author={Bahdanau, Dzmitry and Cho, Kyunghyun and Bengio, Yoshua},
  journal={ICLR},
  year={2014}
}

@article{luong2015effective,
  title={Effective approaches to attention-based neural machine translation},
  author={Luong, Minh-Thang and Pham, Hieu and Manning, Christopher D},
  journal={EMNLP},
  year={2015}
}

@article{vaswani2017attention,
  title={Attention is all you need},
  author={Vaswani, Ashish and Shazeer, Noam and Parmar, Niki and Uszkoreit, Jakob and Jones, Llion and Gomez, Aidan N and Kaiser, {\L}ukasz and Polosukhin, Illia},
  journal={NIPS},
  year={2017}
}

@article{gambhir2017recent,
  title={Recent automatic text summarization techniques: a survey},
  author={Gambhir, Mahak and Gupta, Vishal},
  journal={Artificial Intelligence Review},
  year={2017},
  publisher={Springer}
}


@article{nallapati2016abstractive,
  title={Abstractive text summarization using sequence-to-sequence rnns and beyond},
  author={Nallapati, Ramesh and Zhou, Bowen and Gulcehre, Caglar and Xiang, Bing and others},
  journal={CoNLL},
  year={2016}
}

@article{gupta2010survey,
  title={A survey of text summarization extractive techniques},
  author={Gupta, Vishal and Lehal, Gurpreet Singh},
  journal={Journal of emerging technologies in web intelligence},
  year={2010},
  publisher={Citeseer}
}

@article{nallapati2016sequence,
  title={Sequence-to-sequence rnns for text summarization},
  author={Nallapati, Ramesh and Xiang, Bing and Zhou, Bowen},
  journal={CoNLL},
  year={2016}
}

@article{rush2015neural,
  title={A neural attention model for abstractive sentence summarization},
  author={Rush, Alexander M and Chopra, Sumit and Weston, Jason},
  journal={EMNLP},
  year={2015}
}

@article{graff2003english,
  title={English gigaword},
  author={Graff, David and Kong, Junbo and Chen, Ke and Maeda, Kazuaki},
  journal={Linguistic Data Consortium},
  year={2003}
}

@article{lin2004rouge,
  title={Rouge: A package for automatic evaluation of summaries},
  author={Lin, Chin-Yew},
  journal={Text Summarization Branches Out},
  year={2004}
}

@article{peters2018deep,
  title={Deep contextualized word representations},
  author={Peters, Matthew E and Neumann, Mark and Iyyer, Mohit and Gardner, Matt and Clark, Christopher and Lee, Kenton and Zettlemoyer, Luke},
  journal={NAACL},
  year={2018}
}

@article{devlin2018bert,
  title={Bert: Pre-training of deep bidirectional transformers for language understanding},
  author={Devlin, Jacob and Chang, Ming-Wei and Lee, Kenton and Toutanova, Kristina},
  journal={arXiv preprint arXiv:1810.04805},
  year={2018}
}

@article{kingma2014adam,
  title={Adam: A method for stochastic optimization},
  author={Kingma, Diederik P and Ba, Jimmy},
  journal={ICLR},
  year={2014}
}
@article{hochreiter1997long,
  title={Long short-term memory},
  author={Hochreiter, Sepp and Schmidhuber, J{\"u}rgen},
  journal={Neural computation},
  year={1997},
  publisher={MIT Press}
}

@article{yin2017comparative,
  title={Comparative study of {CNN} and {RNN} for natural language processing},
  author={Yin, Wenpeng and Kann, Katharina and Yu, Mo and Sch{\"u}tze, Hinrich},
  journal={arXiv preprint arXiv:1702.01923},
  year={2017}
}

@article{baroni2014don,
  title={Don't count, predict! A systematic comparison of context-counting vs. context-predicting semantic vectors},
  author={Baroni, Marco and Dinu, Georgiana and Kruszewski, Germ{\'a}n},
  journal={ACL},
  year={2014}
}

@article{pennington2014glove,
  title={{GloVe}: Global vectors for word representation},
  author={Pennington, Jeffrey and Socher, Richard and Manning, Christopher},
  journal={EMNLP},
  year={2014}
}

@article{mikolov2013efficient,
  title={Efficient estimation of word representations in vector space},
  author={Mikolov, Tomas and Chen, Kai and Corrado, Greg and Dean, Jeffrey},
  journal={arXiv preprint arXiv:1301.3781},
  year={2013}
}

@article{bojanowski2017enriching,
  title={Enriching Word Vectors with Subword Information},
  author={Bojanowski, Piotr and Grave, Edouard and Joulin, Armand and Mikolov, Tomas},
  journal={ACL},
  year={2017}
}

@article{chung2014empirical,
  title={Empirical evaluation of gated recurrent neural networks on sequence modeling},
  author={Chung, Junyoung and Gulcehre, Caglar and Cho, KyungHyun and Bengio, Yoshua},
  journal={NIPS},
  year={2014}
}

@book{goodfellow2016,
    title={Deep Learning},
    author={Ian Goodfellow and Yoshua Bengio and Aaron Courville},
    publisher={MIT Press},
    note={\url{http://www.deeplearningbook.org}},
    year={2016}
}

@incollection{graves2012supervised,
  title={Supervised sequence labelling},
  author={Graves, Alex},
  booktitle={Supervised sequence labelling with recurrent neural networks},
  year={2012},
  publisher={Springer}
}


@article{vinyals_2015,
    author = {Vinyals, Oriol and Toshev, Alexander and Bengio, Samy and Erhan, Dumitru},
    title = {Show and Tell: A Neural Image Caption Generator},
    journal = {CVPR},
    year = {2015}
}

@article{graves2013speech,
  title={Speech recognition with deep recurrent neural networks},
  author={Graves, Alex and Mohamed, Abdel-rahman and Hinton, Geoffrey},
  journal={ICASSP},
  year={2013}
}


@article{cho2014properties,
  title={On the properties of neural machine translation: Encoder-decoder approaches},
  author={Cho, Kyunghyun and Van Merri{\"e}nboer, Bart and Bahdanau, Dzmitry and Bengio, Yoshua},
  journal={SSST},
  year={2014}
}


@article{see2017get,
  title={Get to the point: Summarization with pointer-generator networks},
  author={See, Abigail and Liu, Peter J and Manning, Christopher D},
  journal={arXiv preprint arXiv:1704.04368},
  year={2017}
}

@article{jean2014using,
  title={On using very large target vocabulary for neural machine translation},
  author={Jean, S{\'e}bastien and Cho, Kyunghyun and Memisevic, Roland and Bengio, Yoshua},
  journal={arXiv preprint arXiv:1412.2007},
  year={2014}
}

@article{mathis1973improvement,
  title={Improvement of automatic abstracts by the use of structural analysis},
  author={Mathis, Betty A and Rush, James E and Young, Carol E},
  journal={Journal of the American Society for Information Science},
  year={1973},
  publisher={Wiley Online Library}
}

% new citations are below here
% new citations are below here
% new citations are below here
% new citations are below here
% new citations are below here


